% pierwsze enkodery w latach '60
@Article{bib:pierwszeenkodery,
  Title                    = {Shaft Angle Encoders},
  Author                   = {C. F. Winder},
  Journal                  = {Electronic Industries},
  Year                     = {1959},
  Number                   = {10},
  Pages                    = {76--80},
  Volume                   = {18},
}

% pierwsze silniki
@Article{bib:pierwszesilniki,
  Title                    = {On some new Electro-Magnetical Motions, and on the Theory of Magnetism.},
  Author                   = {Michael Faraday},
  Journal                  = {The Quarterly Journal of Science, Literature and The Arts},
  Year                     = {1822},
  Pages                    = {74--96},
  Volume                   = {12},
}
 
% artykuł omawiający dokładnie temat pracy
@Online{bib:usingapid,
  author                   = {G. W. Lucas},
  title                    = {Using a PID-based Technique For Competitive Odometry and Dead-Reckoning},
  year                     = {2001}, 
  url                      = {https://archive.seattlerobotics.org/encoder/200108/using_a_pid.html},
  urldate                  = {2023-12-27}
}

% wymagania pracy
@Online{bib:wymaganiapracy,
  author                   = {Politechnika Śląska},
  title                    = {Wymagania do pracy inżynierskiej dla kierunku Automatyka i Robotyka},
  year                     = {2021}, 
  url                      = {https://www.polsl.pl/rau/wp-content/uploads/sites/42/2021/11/AiR_Wymagania_do_pracy_inzynierskiej.pdf},
  urldate                  = {2023-12-27}
}

% rodzaje enkoderów
@Online{bib:rodzajeenkoderow,
  author                   = {NASA Infrared Telescope Facility (IRTF), Institute for Astronomy, University of Hawaii},
  title                    = {Techniques For Digitizing Rotary and Linear Motion},
  url                      = {http://irtfweb.ifa.hawaii.edu/~tcs3/tcs3/0306_conceptual_design/Docs/05_Encoders/encoder_primer.pdf},
  urldate                  = {2023-12-27}
}

% tarcza enkodera absolutnego
@Online{bib:tarczaenkoderaabsolutnego,
  author                   = {jjbeard},
  title                    = {A Rotary Encoder Disc with a 3-Bit Binary Reflected Gray Code (BRGC).},
  url                      = {https://en.wikipedia.org/wiki/Rotary_encoder#/media/File:Encoder_Disc_(3-Bit).svg},
  urldate                  = {2023-12-27}
}

% tarcze enkodera inkrementalnego
@Online{bib:tarczeenkoderowinkrementalnych,
  author                   = {Piotr Mitros},
  title                    = {Optical Encoder Project},
  url                      = {https://groups.csail.mit.edu/mac/users/pmitros/encoder/},
  urldate                  = {2023-12-28}
}

% obrazek enkodera magnetycznego
@Article{bib:obrazekenkoderamagnetycznego,
  Title                    = {Miniaturized Optical Encoder with Micro Structured Encoder Disc},
  Author                   = {Jonathan Seybold and André Bülau and Karl-Peter Fritz and Alexander Frank and Cor Scherjon and Joachim Burghartz and André Zimmermann},
  Journal                  = {Applied Sciences},
  Year                     = {2019},
  Volume                   = {9},
  Doi                      = {10.3390/app9030452}
}

% regulator ktesibiusa
@Online{bib:regulatorktesibiusa,
  author                   = {Wielu edytorów},
  title                    = {Ctesibius Of Alexandria},
  url                      = {https://www.britannica.com/biography/Ctesibius-of-Alexandria},
  urldate                  = {2023-12-29}
}

% regulator PID minorsky'ego
@Article{bib:pidminorsky,
  Title                    = {DIRECTIONAL STABILITY OF AUTOMATICALLY STEERED BODIES},
  Author                   = {Nicolas Minorsky},
  Journal                  = {American Society of Naval Engineers},
  Volume                   = {34},
  Year                     = {1922},
  Doi                      = {10.1111/j.1559-3584.1922.tb04958.x},
  Issn                     = {0028-1425}
}

% regulator MPC
@Article{bib:regulatormpc,
  Title                    = {Model Predictive Control: History and Development},
  Author                   = {Ruchika and Neha Raghu},
  Journal                  = {International Journal of Engineering Trends and Technology (IJETT)},
  Volume                   = {4},
  Year                     = {2013},
  Issn                     = {2231-5381}
}

% drukarka 3D
@Manual{bib:printer,
  title        = "SV06 User Manual V1.0 ",
  organization = "SOVOL TECHNOLOGY CO., LIMITED",
  address      = "Rm 23 9 F Blk G Kwai Shing Ind Bldg Stage 2 42 46 Tai Lin Pai Rd Kwai Chung NT 999077 Hong Kong (SAR)",
  year         = 2022
}

% platformio
@Online{bib:platformio,
  author                   = {PlatformIO},
  url                      = {https://commons.wikimedia.org/wiki/File:PlatformIO_logo.svg},
  urldate                  = {2023-12-31}
}

% github
@Online{bib:github,
  author                   = {GitHub, Inc},
  url                      = {https://github.com/logos},
  urldate                  = {2023-12-31}
}

% visual studio code
@Online{bib:vscode,
  author                   = {Microsoft},
  url                      = {https://en.wikipedia.org/wiki/Visual_Studio_Code#/media/File:Visual_Studio_Code_1.35_icon.svg},
  urldate                  = {2023-12-31}
}

% matlab
@Online{bib:matlab,
  author                   = {MathWorks},
  url                      = {https://en.wikipedia.org/wiki/File:Matlab_Logo.png#/media/File:Matlab_icon.png},
  urldate                  = {2023-12-31}
}